# Bone
@inproceedings{besler2018bone,
  title={Bone Adaptation as Level Set Motion},
  author={Besler, Bryce A and Gabel, Leigh and Burt, Lauren A and Forkert, Nils D and Boyd, Steven K},
  booktitle={International Workshop on Computational Methods and Clinical Applications in Musculoskeletal Imaging},
  pages={58--72},
  year={2018},
  organization={Springer}
}

# Lambert W
@article{lambert1758observationes,
  title={Observationes variae in mathesin puram},
  author={Lambert, Johann Heinrich},
  journal={Acta Helvetica},
  volume={3},
  number={1},
  pages={128--168},
  year={1758}
}

@article{weisstein2002lambert,
  title={Lambert W-function},
  author={Weisstein, Eric W},
  journal={https://mathworld. wolfram. com/},
  year={2002},
  publisher={Wolfram Research, Inc.}
}

# TPMS
@article{chopp1993flow,
  title={Flow under curvature: singularity formation, minimal surfaces, and geodesics},
  author={Chopp, David L and Sethian, James A},
  journal={Experimental Mathematics},
  volume={2},
  number={4},
  pages={235--255},
  year={1993},
  publisher={Taylor \& Francis}
}

@book{schoen1970infinite,
  title={Infinite periodic minimal surfaces without self-intersections},
  author={Schoen, Alan Hugh},
  year={1970},
  publisher={National Aeronautics and Space Administration}
}

@incollection{anderson1987periodic,
  title={Periodic surfaces of prescribed mean curvature},
  author={Anderson, DM and Davis, HT and Nitsche, JCC and Scriven, LE},
  booktitle={Physics of amphiphilic layers},
  pages={130--130},
  year={1987},
  publisher={Springer}
}
